[gd_scene load_steps=2 format=2]

[ext_resource path="res://GUI/HUD.gd" type="Script" id=1]

[node name="HUD" type="CanvasLayer"]

layer = 1
offset = Vector2( 15, 0 )
rotation = 0.0
scale = Vector2( 1, 1 )
transform = Transform2D( 1, 0, 0, 1, 15, 0 )
script = ExtResource( 1 )

[node name="GUI_panel" type="PanelContainer" parent="." index="0"]

anchor_left = 0.0
anchor_top = 0.0
anchor_right = 0.0
anchor_bottom = 0.0
margin_left = -15.0
margin_top = 480.0
margin_right = 753.0
margin_bottom = 599.0
rect_pivot_offset = Vector2( 0, 0 )
mouse_filter = 0
mouse_default_cursor_shape = 0
size_flags_horizontal = 1
size_flags_vertical = 1
__meta__ = {
"_edit_group_": true
}

[node name="GUI_container" type="HBoxContainer" parent="GUI_panel" index="0"]

anchor_left = 0.0
anchor_top = 0.0
anchor_right = 0.0
anchor_bottom = 0.0
margin_left = 7.0
margin_top = 7.0
margin_right = 761.0
margin_bottom = 112.0
rect_pivot_offset = Vector2( 0, 0 )
mouse_filter = 1
mouse_default_cursor_shape = 0
size_flags_horizontal = 1
size_flags_vertical = 1
alignment = 0

[node name="Stats_container" type="VBoxContainer" parent="GUI_panel/GUI_container" index="0"]

anchor_left = 0.0
anchor_top = 0.0
anchor_right = 0.0
anchor_bottom = 0.0
margin_bottom = 105.0
rect_pivot_offset = Vector2( 0, 0 )
mouse_filter = 1
mouse_default_cursor_shape = 0
size_flags_horizontal = 1
size_flags_vertical = 1
alignment = 0

[node name="HP_label" type="Label" parent="GUI_panel/GUI_container/Stats_container" index="0"]

anchor_left = 0.0
anchor_top = 0.0
anchor_right = 0.0
anchor_bottom = 0.0
margin_bottom = 14.0
rect_pivot_offset = Vector2( 0, 0 )
mouse_filter = 2
mouse_default_cursor_shape = 0
size_flags_horizontal = 1
size_flags_vertical = 4
percent_visible = 1.0
lines_skipped = 0
max_lines_visible = -1

[node name="Lvl_label" type="Label" parent="GUI_panel/GUI_container/Stats_container" index="1"]

anchor_left = 0.0
anchor_top = 0.0
anchor_right = 0.0
anchor_bottom = 0.0
margin_top = 18.0
margin_bottom = 32.0
rect_pivot_offset = Vector2( 0, 0 )
mouse_filter = 2
mouse_default_cursor_shape = 0
size_flags_horizontal = 1
size_flags_vertical = 4
percent_visible = 1.0
lines_skipped = 0
max_lines_visible = -1

[node name="XP_label" type="Label" parent="GUI_panel/GUI_container/Stats_container" index="2"]

anchor_left = 0.0
anchor_top = 0.0
anchor_right = 0.0
anchor_bottom = 0.0
margin_top = 36.0
margin_bottom = 50.0
rect_pivot_offset = Vector2( 0, 0 )
mouse_filter = 2
mouse_default_cursor_shape = 0
size_flags_horizontal = 1
size_flags_vertical = 4
percent_visible = 1.0
lines_skipped = 0
max_lines_visible = -1

[node name="Pwr_label" type="Label" parent="GUI_panel/GUI_container/Stats_container" index="3"]

anchor_left = 0.0
anchor_top = 0.0
anchor_right = 0.0
anchor_bottom = 0.0
margin_top = 54.0
margin_bottom = 68.0
rect_pivot_offset = Vector2( 0, 0 )
mouse_filter = 2
mouse_default_cursor_shape = 0
size_flags_horizontal = 1
size_flags_vertical = 4
percent_visible = 1.0
lines_skipped = 0
max_lines_visible = -1

[node name="Def_label" type="Label" parent="GUI_panel/GUI_container/Stats_container" index="4"]

anchor_left = 0.0
anchor_top = 0.0
anchor_right = 0.0
anchor_bottom = 0.0
margin_top = 72.0
margin_bottom = 86.0
rect_pivot_offset = Vector2( 0, 0 )
mouse_filter = 2
mouse_default_cursor_shape = 0
size_flags_horizontal = 1
size_flags_vertical = 4
percent_visible = 1.0
lines_skipped = 0
max_lines_visible = -1

[node name="console_log" type="RichTextLabel" parent="GUI_panel/GUI_container" index="1"]

anchor_left = 0.0
anchor_top = 0.0
anchor_right = 0.0
anchor_bottom = 0.0
margin_left = 4.0
margin_right = 754.0
margin_bottom = 105.0
rect_pivot_offset = Vector2( 0, 0 )
rect_clip_content = true
mouse_filter = 0
mouse_default_cursor_shape = 0
size_flags_horizontal = 3
size_flags_vertical = 3
bbcode_enabled = false
bbcode_text = ""
visible_characters = -1
percent_visible = 1.0
meta_underlined = true
tab_size = 4
text = ""
scroll_active = true
scroll_following = true
selection_enabled = false
override_selected_font_color = false
_sections_unfolded = [ "Size Flags" ]

[node name="Inventory_list" type="ItemList" parent="." index="1"]

anchor_left = 0.0
anchor_top = 0.0
anchor_right = 0.0
anchor_bottom = 0.0
margin_left = 753.0
margin_right = 1010.0
margin_bottom = 597.0
rect_pivot_offset = Vector2( 0, 0 )
rect_clip_content = true
focus_mode = 2
mouse_filter = 0
mouse_default_cursor_shape = 0
size_flags_horizontal = 1
size_flags_vertical = 1
items = [  ]
select_mode = 0
icon_mode = 1
fixed_icon_size = Vector2( 0, 0 )

[connection signal="item_activated" from="Inventory_list" to="." method="_on_Inventory_list_item_activated"]


